@book{pott2018cable,
  author    = {Pott, Andreas},
  title     = {Cable-Driven Parallel Robots: Theory and Application},
  year      = {2018},
  publisher = {Springer},
}

